<record><leader>00000cas a2200000 a 4500</leader><controlfield tag="001">12369184</controlfield><controlfield tag="008">850809d18771891ksuwr ne      0    0eng d</controlfield><datafield ind1=" " ind2=" " tag="010"><subfield code="a">sn 85029491 </subfield></datafield><datafield ind1=" " ind2=" " tag="040"><subfield code="a">KSH</subfield><subfield code="b">eng</subfield><subfield code="c">KSH</subfield><subfield code="d">NPT</subfield><subfield code="d">OCL</subfield><subfield code="d">OCLCQ</subfield></datafield><datafield ind1=" " ind2=" " tag="042"><subfield code="a">msc</subfield></datafield><datafield ind1="0" ind2=" " tag="130"><subfield code="a">Kirwin chief (Kirwin, Kan. : 1877)</subfield></datafield><datafield ind1="1" ind2="4" tag="245"><subfield code="a">The Kirwin chief.</subfield></datafield><datafield ind1="3" ind2="0" tag="246"><subfield code="a">Daily Kirwin chief</subfield></datafield><datafield ind1="3" ind2="0" tag="246"><subfield code="a">Kirwin daily chief</subfield></datafield><datafield ind1="1" ind2="3" tag="246"><subfield code="a">Kirwin weekly chief</subfield><subfield code="f">Oct. 6, 1883-Jan. 10, 1884</subfield></datafield><datafield ind1=" " ind2=" " tag="260"><subfield code="a">Kirwin, Kan. :</subfield><subfield code="b">A.G. McBride,</subfield><subfield code="c">1877-1891.</subfield></datafield><datafield ind1=" " ind2=" " tag="300"><subfield code="a">14 v. ;</subfield><subfield code="c">54-61 cm.</subfield></datafield><datafield ind1=" " ind2=" " tag="310"><subfield code="a">Weekly</subfield></datafield><datafield ind1="0" ind2=" " tag="362"><subfield code="a">Vol. 4, no. 21 (May 30, 1877)-v. 18, no. 11 (Mar. 13, 1891).</subfield></datafield><datafield ind1=" " ind2=" " tag="500"><subfield code="a">Published a daily edition during the county fair called: Daily Kirwin chief, Sept. 19-21, 1877; Kirwin daily chief, Sept. 30-Oct. 3, 1885; Sept. 14-15, 1886.</subfield></datafield><datafield ind1=" " ind2=" " tag="500"><subfield code="a">Published a daily conference edition called: Daily Kirwin chief, Mar. 25-30, 1886.</subfield></datafield><datafield ind1=" " ind2=" " tag="500"><subfield code="a">Publisher varies.</subfield></datafield><datafield ind1=" " ind2=" " tag="500"><subfield code="a">"Independent republican paper," Oct. 6, 1883-&lt;Jan. 17&gt;, 1884.</subfield></datafield><datafield ind1=" " ind2=" " tag="525"><subfield code="a">Includes supplements.</subfield></datafield><datafield ind1=" " ind2=" " tag="580"><subfield code="a">Also issued a daily edition called: Daily Kirwin chief, 1883.</subfield></datafield><datafield ind1=" " ind2=" " tag="752"><subfield code="a">United States</subfield><subfield code="b">Kansas</subfield><subfield code="c">Phillips</subfield><subfield code="d">Kirwin.</subfield></datafield><datafield ind1="1" ind2=" " tag="775"><subfield code="t">Daily Kirwin chief</subfield><subfield code="w">(DLC)sn 85029666</subfield></datafield><datafield ind1="0" ind2="0" tag="780"><subfield code="t">Chief (Phillipsburg, Kan.)</subfield><subfield code="w">(DLC)sn 85029663</subfield></datafield><datafield ind1="0" ind2="5" tag="780"><subfield code="t">Kirwin graphic</subfield><subfield code="g">Nov. 14, 1889</subfield><subfield code="w">(DLC)sn 85029501</subfield></datafield><datafield ind1="0" ind2="4" tag="785"><subfield code="t">Independent (Kirwin, Kan.)</subfield><subfield code="w">(DLC)sn 85029662</subfield></datafield></record>